@book{kopka1991latex,
	author = {Kopka, Helmut and Rahtz, Sebastian},
	publisher = {Addison-Wesley},
	title = {LaTeX: Einf\"{u}hrung},
	volume = {2},
	year = {1991}
}

@online{latexKomp,
	lastchecked = {2014-09-14},
	title = {LaTeX-Kompendium -- Wikibooks, Sammlung freier Lehr-, Sach- und Fachb\"{u}cher},
	url = {http://de.wikibooks.org/wiki/LaTeX-Kompendium}
}

@online{quelle,
	lastchecked = {2014-09-01},
	title = {Quellenangabe -- Wikipedia},
	url = {http://de.wikipedia.org/wiki/Quellenangabe#.C3.96sterreich}
}

@online{wiki:quelle,
	author = {Wikipedia},
	lastchecked = {2014-09-14},
	title = {Quellenangabe --- Wikipedia{,} Die freie Enzyklopädie},
	url = {http://de.wikipedia.org/w/index.php?title=Quellenangabe&oldid=131343956}
}

@online{ wiki:zitat,
   author = "Wikipedia",
   title = "Zitat --- Wikipedia{,} Die freie Enzyklopädie",
   url = "http://de.wikipedia.org/w/index.php?title=Zitat&oldid=134064196",
   lastchecked = "2014-09-14"
 }

@online{ris57,
	lastchecked = {2014-09-14},
	title = {Urheberrechtsgesetz},
	url = {http://www.ris.bka.gv.at/Dokumente/Bundesnormen/NOR40041632/NOR40041632.html}
}

@article{dittrich,
	author = {Dittrich, Robert},
	isbn = {3406516831},
	journal = {Urheberrecht im Informationszeitalter. Festschrift f\"{u}r Wilhelm Nordemann.},
	location = {M\"{u}nchen},
	pages = {617--624},
	title = {Zur Quellenangabe bei Zitaten.},
	year = {2004}
}

@online{layout,
  lastchecked = {2014-09-17},
  url = {http://www.siart.de/typografie/latextipps.xhtml#layout},
  title = {LaTeX-Tipps}
}

@online{listingtipp,
  lastchecked = {2014-09-17},
  url = {http://uweziegenhagen.de/?p=1500},
  title={LaTeX: Umlaute in utf8 Listings korrekt ausgeben}
}

@online{hagenberg,
lastchecked = {2016-10-09},
url = {https://github.com/Digital-Media/HagenbergThesis},
title={Hagenberg LaTeX Thesis Template}
}

@online{dmx512/1990,
	title = {{DMX}512/1990},
	url = {http://www.soundlight.de/techtips/dmx512/dmx512.htm},
	urldate = {2018-02-11},
	file = {DMX512/1990:C\:\\Users\\cleme\\Zotero\\storage\\FBUR7EJG\\dmx512.html:text/html}
}

@online{dmx,
	title = {{DMX} {DIN}56930-2},
	url = {http://www.soundlight.de/techtips/dmx512/dmxdin.htm},
	urldate = {2018-02-11},
	file = {DMX DIN56930-2:C\:\\Users\\cleme\\Zotero\\storage\\NAMAXZNQ\\dmxdin.html:text/html}
}

@online{dmx-1,
	title = {{DMX} german},
	url = {http://www.theater-technisch-lab.nl/dmxdu.htm},
	urldate = {2018-02-11},
	file = {DMX german:C\:\\Users\\cleme\\Zotero\\storage\\RRSTVAYJ\\dmxdu.html:text/html}
}


